@article.*.*{Liang2019,
author = {Liang, Ming and Yang, Bin and Chen, Yun and Hu, Rui and Urtasun, Raquel},
journal = {Proceedings of the IEEE Computer Society Conference on Computer Vision and Pattern Recognition},
pages = {7337--7345},
title = {{Multi-task multi-sensor fusion for 3D object detection}},
volume = {2019-June},
year = {2019}
}

@article.*{Sindagi2019,
author = {Sindagi, Vishwanath A. and Zhou, Yin and Tuzel, Oncel},
journal = {Proceedings - IEEE International Conference on Robotics and Automation},
number = {i},
pages = {7276--7282},
title = {{MVX-net: Multimodal VoxelNet for 3D object detection}},
volume = {2019-May},
year = {2019}
}

@article.*{Wang2019,
author = {Wang, Zhixin and Jia, Kui},
journal = {IEEE International Conference on Intelligent Robots and Systems},
pages = {1742--1749},
title = {{Frustum ConvNet: Sliding Frustums to Aggregate Local Point-Wise Features for Amodal}},
year = {2019}
}

@article.*{Yin2021,
author = {Yin, Tianwei and Zhou, Xingyi and Krahenbuhl, Philipp},
journal = {Advances in Neural Information Processing Systems},
number = {NeurIPS},
pages = {16494--16507},
title = {{Multimodal Virtual Point 3D Detection}},
volume = {20},
year = {2021}
}

@article.*{Vora2020,
author = {Vora, Sourabh and Lang, Alex H. and Helou, Bassam and Beijbom, Oscar},
journal = {Proceedings of the IEEE Computer Society Conference on Computer Vision and Pattern Recognition},
pages = {4603--4611},
title = {{Pointpainting: Sequential fusion for 3D object detection}},
year = {2020}
}

@article.*{Liang2018,
author = {Liang, Ming and Yang, Bin and Wang, Shenlong and Urtasun, Raquel},
journal = {Lecture Notes in Computer Science (including subseries Lecture Notes in Artificial Intelligence and Lecture Notes in Bioinformatics)},
pages = {663--678},
title = {{Deep Continuous Fusion for Multi-sensor 3D Object Detection}},
volume = {11220 LNCS},
year = {2018}
}

@article.*{Qi2018,
author = {Qi, Charles R. and Liu, Wei and Wu, Chenxia and Su, Hao and Guibas, Leonidas J.},
journal = {Proceedings of the IEEE Computer Society Conference on Computer Vision and Pattern Recognition},
pages = {918--927},
title = {{Frustum PointNets for 3D Object Detection from RGB-D Data}},
year = {2018}
}
@incollection{Hu2022,
author = {Hu, Yinlin and Fua, Pascal and Salzmann, Mathieu},
pages = {89--106},
title = {{Perspective Flow Aggregation for Data-Limited 6D Object Pose Estimation}},
url = {https://link.springer.com/10.1007/978-3-031-20086-1_6},
volume = {2},
year = {2022}
}
@inproceedings{Lipson2022,
author = {Lipson, Lahav and Teed, Zachary and Goyal, Ankit and Deng, Jia},
booktitle = {2022 IEEE/CVF Conference on Computer Vision and Pattern Recognition (CVPR)},
month = {jun},
pages = {6718--6727},
publisher = {IEEE},
title = {{Coupled Iterative Refinement for 6D Multi-Object Pose Estimation}},
url = {https://ieeexplore.ieee.org/document/9879531/},
year = {2022}
}

@article.*{Liu2022,
author = {Liu, Chongpei and Sun, Wei and Zhang, Keyi and Liu, Jian and Zhang, Xing and Fan, Shimeng},
journal = {Chinese Control Conference, CCC},
pages = {6241--6246},
title = {{Prior Geometry Guided Direct Regression Network for Monocular 6D Object Pose Estimation}},
volume = {2022-July},
year = {2022}
}

@article.*{Hu2020,
author = {Hu, Yinlin and Fua, Pascal and Wang, Wei and Salzmann, Mathieu},
journal = {Proceedings of the IEEE Computer Society Conference on Computer Vision and Pattern Recognition},
pages = {2927--2936},
title = {{Single-Stage 6D Object Pose Estimation}},
volume = {1},
year = {2020}
}
@inproceedings{Su2022,
author = {Su, Yongzhi and Saleh, Mahdi and Fetzer, Torben and Rambach, Jason and Navab, Nassir and Busam, Benjamin and Stricker, Didier and Tombari, Federico},
booktitle = {2022 IEEE/CVF Conference on Computer Vision and Pattern Recognition (CVPR)},
month = {jun},
pages = {6728--6738},
publisher = {IEEE},
title = {{ZebraPose: Coarse to Fine Surface Encoding for 6DoF Object Pose Estimation}},
url = {https://ieeexplore.ieee.org/document/9879853/},
year = {2022}
}

@article.*{Xiang2018,
author = {Xiang, Yu and Schmidt, Tanner and Narayanan, Venkatraman and Fox, Dieter},
journal = {Robotics: Science and Systems},
title = {{PoseCNN: A Convolutional Neural Network for 6D Object Pose Estimation in Cluttered Scenes}},
year = {2018}
}

@article.*{Li2019,
author = {Li, Zhigang and Wang, Gu and Ji, Xiangyang},
journal = {Proceedings of the IEEE International Conference on Computer Vision},
pages = {7677--7686},
publisher = {IEEE},
title = {{CDPN: Coordinates-based disentangled pose network for real-time RGB-based 6-DoF object pose estimation}},
volume = {2019-Octob},
year = {2019}
}

@article.*{Park2019,
author = {Park, Kiru and Patten, Timothy and Vincze, Markus},
journal = {Proceedings of the IEEE International Conference on Computer Vision},
number = {Iccv},
pages = {7667--7676},
publisher = {IEEE},
title = {{Pix2pose: Pixel-wise coordinate regression of objects for 6D pose estimation}},
volume = {2019-Octob},
year = {2019}
}

@article.*{Hu2019,
author = {Hu, Yinlin and Hugonot, Joachim and Fua, Pascal and Salzmann, Mathieu},
journal = {Proceedings of the IEEE Computer Society Conference on Computer Vision and Pattern Recognition},
pages = {3380--3389},
title = {{Segmentation-driven 6D object pose estimation}},
volume = {2019-June},
year = {2019}
}

@article.*{Hu2021,
author = {Hu, Yinlin and Speierer, S{\'{e}}bastien and Jakob, Wenzel and Fua, Pascal and Salzmann, Mathieu},
journal = {Proceedings of the IEEE Computer Society Conference on Computer Vision and Pattern Recognition},
pages = {15865--15874},
title = {{Wide-depth-range 6D object pose estimation in space}},
year = {2021}
}

@article.*{Shi2022,
author = {Shi, Shaoshuai and Jiang, Li and Deng, Jiajun and Wang, Zhe and Guo, Chaoxu and Shi, Jianping and Wang, Xiaogang and Li, Hongsheng},
journal = {International Journal of Computer Vision},
month = {nov},
title = {{PV-RCNN++: Point-Voxel Feature Set Abstraction With Local Vector Representation for 3D Object Detection}},
url = {http://arxiv.org/abs/2102.00463 https://link.springer.com/10.1007/s11263-022-01710-9},
year = {2022}
}

@article.*{Peng2019,
author = {Peng, Sida and Liu, Yuan and Huang, Qixing and Zhou, Xiaowei and Bao, Hujun},
journal = {Proceedings of the IEEE Computer Society Conference on Computer Vision and Pattern Recognition},
pages = {4556--4565},
title = {{PVNET: Pixel-wise voting network for 6dof pose estimation}},
volume = {2019-June},
year = {2019}
}

@article.*{Shi2020,
author = {Shi, Weijing and Rajkumar, Ragunathan},
journal = {Proceedings of the IEEE Computer Society Conference on Computer Vision and Pattern Recognition},
pages = {1708--1716},
title = {{Point-GNN: Graph neural network for 3D object detection in a point cloud}},
year = {2020}
}

@article.*{Shi2020a,
author = {Shi, Shaoshuai and Guo, Chaoxu and Jiang, Li and Wang, Zhe and Shi, Jianping and Wang, Xiaogang and Li, Hongsheng},
journal = {Proceedings of the IEEE Computer Society Conference on Computer Vision and Pattern Recognition},
pages = {10526--10535},
title = {{PV-RCNN: Point-voxel feature set abstraction for 3D object detection}},
year = {2020}
}

@article.*{Pan2021,
author = {Pan, Xuran and Xia, Zhuofan and Song, Shiji and Li, Li Erran and Huang, Gao},
journal = {Proceedings of the IEEE Computer Society Conference on Computer Vision and Pattern Recognition},
pages = {7459--7468},
title = {{3D Object Detection with Pointformer}},
year = {2021}
}

@article.*{Zhou2019,
author = {Zhou, Yin and Sun, Pei and Zhang, Yu and Anguelov, Dragomir and Gao, Jiyang and Ouyang, Tom and Guo, James and Ngiam, Jiquan and Vasudevan, Vijay},
month = {oct},
number = {CoRL},
pages = {1--10},
title = {{End-to-End Multi-View Fusion for 3D Object Detection in LiDAR Point Clouds}},
url = {http://arxiv.org/abs/1910.06528},
year = {2019}
}

@article.*{Peng2022,
author = {Peng, Xidong and Zhu, Xinge and Wang, Tai and Ma, Yuexin},
journal = {Proceedings - 2022 IEEE/CVF Winter Conference on Applications of Computer Vision, WACV 2022},
pages = {225--234},
title = {{SIDE: Center-based Stereo 3D Detector with Structure-aware Instance Depth Estimation}},
year = {2022}
}

@article.*{Qian2020,
author = {Qian, Rui and Garg, DIvyansh and Wang, Yan and You, Yurong and Belongie, Serge and Hariharan, Bharath and Campbell, Mark and Weinberger, Kilian Q. and Chao, Wei Lun},
journal = {Proceedings of the IEEE Computer Society Conference on Computer Vision and Pattern Recognition},
pages = {5880--5889},
title = {{End-to-End Pseudo-LiDAR for Image-Based 3D Object Detection}},
year = {2020}
}

@article.*{Xu2018,
author = {Xu, Bin and Chen, Zhenzhong},
journal = {Proceedings of the IEEE Computer Society Conference on Computer Vision and Pattern Recognition},
pages = {2345--2353},
title = {{Multi-level Fusion Based 3D Object Detection from Monocular Images}},
year = {2018}
}

@article.*{Beker2020,
author = {Beker, Deniz and Kato, Hiroharu and Morariu, Mihai Adrian and Ando, Takahiro and Matsuoka, Toru and Kehl, Wadim and Gaidon, Adrien},
journal = {Lecture Notes in Computer Science (including subseries Lecture Notes in Artificial Intelligence and Lecture Notes in Bioinformatics)},
pages = {514--529},
title = {{Monocular Differentiable Rendering for Self-supervised 3D Object Detection}},
volume = {12366 LNCS},
year = {2020}
}

@article.*{Ge2021,
author = {Ge, Zheng and Liu, Songtao and Li, Zeming and Yoshie, Osamu and Sun, Jian},
journal = {Proceedings of the IEEE Computer Society Conference on Computer Vision and Pattern Recognition},
pages = {303--312},
title = {{OTA: Optimal Transport Assignment for Object Detection}},
year = {2021}
}

@article.*{Mnih2015,
author = {Mnih, Volodymyr and Kavukcuoglu, Koray and Silver, David and Rusu, Andrei A. and Veness, Joel and Bellemare, Marc G. and Graves, Alex and Riedmiller, Martin and Fidjeland, Andreas K. and Ostrovski, Georg and Petersen, Stig and Beattie, Charles and Sadik, Amir and Antonoglou, Ioannis and King, Helen and Kumaran, Dharshan and Wierstra, Daan and Legg, Shane and Hassabis, Demis},
journal = {Nature},
number = {7540},
pages = {529--533},
pmid = {25719670},
publisher = {Nature Publishing Group},
title = {{Human-level control through deep reinforcement learning}},
url = {http://dx.doi.org/10.1038/nature14236},
volume = {518},
year = {2015}
}

@article.*{Zhang2020,
author = {Zhang, Shifeng and Chi, Cheng and Yao, Yongqiang and Lei, Zhen and Li, Stan Z.},
journal = {Proceedings of the IEEE Computer Society Conference on Computer Vision and Pattern Recognition},
number = {2},
pages = {9756--9765},
title = {{Bridging the gap between anchor-based and anchor-free detection via adaptive training sample selection}},
year = {2020}
}

@article.*{Tian2022,
author = {Tian, Zhi and Shen, Chunhua and Chen, Hao and He, Tong},
journal = {IEEE Transactions on Pattern Analysis and Machine Intelligence},
number = {4},
pages = {1922--1933},
pmid = {33074804},
title = {{FCOS: A Simple and Strong Anchor-Free Object Detector}},
volume = {44},
year = {2022}
}

@article.*{Redmon2016,
author = {Redmon, Joseph and Divvala, Santosh and Girshick, Ross and Farhadi, Ali},
journal = {Proceedings of the IEEE Computer Society Conference on Computer Vision and Pattern Recognition},
pages = {779--788},
title = {{You only look once: Unified, real-time object detection}},
volume = {2016-Decem},
year = {2016}
}
@inproceedings{Haugaard2022,
author = {Haugaard, Rasmus Laurvig and Buch, Anders Glent},
booktitle = {2022 IEEE/CVF Conference on Computer Vision and Pattern Recognition (CVPR)},
month = {jun},
pages = {6739--6748},
publisher = {IEEE},
title = {{SurfEmb: Dense and Continuous Correspondence Distributions for Object Pose Estimation with Learnt Surface Embeddings}},
url = {https://ieeexplore.ieee.org/document/9879714/},
year = {2022}
}

@article.*{He2020,
author = {He, Kaiming and Gkioxari, Georgia and Doll{\'{a}}r, Piotr and Girshick, Ross},
journal = {IEEE Transactions on Pattern Analysis and Machine Intelligence},
number = {2},
pages = {386--397},
pmid = {29994331},
title = {{Mask R-CNN}},
volume = {42},
year = {2020}
}

@article.*{Li2019a,
author = {Li, Xiaohan and Lai, Taotao and Wang, Shuaiyu and Chen, Quan and Yang, Changcai and Chen, Riqing},
journal = {Proceedings - 2019 IEEE Intl Conf on Parallel and Distributed Processing with Applications, Big Data and Cloud Computing, Sustainable Computing and Communications, Social Computing and Networking, ISPA/BDCloud/SustainCom/SocialCom 2019},
pages = {1500--1504},
title = {{Weighted feature pyramid networks for object detection}},
year = {2019}
}

@article.*{Ren2017,
author = {Ren, Shaoqing and He, Kaiming and Girshick, Ross and Sun, Jian},
journal = {IEEE Transactions on Pattern Analysis and Machine Intelligence},
number = {6},
pages = {1137--1149},
pmid = {27295650},
title = {{Faster R-CNN: Towards Real-Time Object Detection with Region Proposal Networks}},
volume = {39},
year = {2017}
}

@article.*{Cai2022,
author = {Cai, Dingding and Heikkil{\"{a}}, Janne and Rahtu, Esa},
month = {aug},
title = {{SC6D: Symmetry-agnostic and Correspondence-free 6D Object Pose Estimation}},
url = {http://arxiv.org/abs/2208.02129},
year = {2022}
}

@article.*{Pang2020,
author = {Pang, Su and Morris, Daniel and Radha, Hayder},
journal = {IEEE International Conference on Intelligent Robots and Systems},
pages = {10386--10393},
title = {{CLOCs: Camera-LiDAR Object Candidates Fusion for 3D Object Detection}},
year = {2020}
}

@article.*{Di2021,
author = {Di, Yan and Manhardt, Fabian and Wang, Gu and Ji, Xiangyang and Navab, Nassir and Tombari, Federico},
journal = {Proceedings of the IEEE International Conference on Computer Vision},
pages = {12376--12385},
title = {{SO-Pose: Exploiting Self-Occlusion for Direct 6D Pose Estimation}},
volume = {1},
year = {2021}
}

@article.*{Asvadi2018,
author = {Asvadi, Alireza and Garrote, Luis and Premebida, Cristiano and Peixoto, Paulo and {J. Nunes}, Urbano},
journal = {Pattern Recognition Letters},
pages = {20--29},
publisher = {Elsevier B.V.},
title = {{Multimodal vehicle detection: fusing 3D-LIDAR and color camera data}},
url = {https://doi.org/10.1016/j.patrec.2017.09.038},
volume = {115},
year = {2018}
}
@inproceedings{Zhang2022,
author = {Zhang, Yanan and Chen, Jiaxin and Huang, Di},
booktitle = {2022 IEEE/CVF Conference on Computer Vision and Pattern Recognition (CVPR)},
month = {jun},
pages = {898--907},
publisher = {IEEE},
title = {{CAT-Det: Contrastively Augmented Transformer for Multimodal 3D Object Detection}},
url = {https://ieeexplore.ieee.org/document/9880265/},
year = {2022}
}

@article.*{Cao2023,
author = {Cao, Kailang and Li, Jiaojiao and Song, Rui and Li, Yunsong},
journal = {ISPRS Journal of Photogrammetry and Remote Sensing},
number = {May 2022},
pages = {418--431},
publisher = {Elsevier B.V.},
title = {{HE2LM-AD: Hierarchical and efficient attitude determination framework with adaptive error compensation module based on ELM network}},
url = {https://doi.org/10.1016/j.isprsjprs.2022.12.010},
volume = {195},
year = {2023}
}
